<record><leader>00000cas a2200000 a 4500</leader><controlfield tag="001">1641961</controlfield><controlfield tag="008">750921d18571869nyuwr ne      0   a0eng  </controlfield><controlfield tag="009">501</controlfield><datafield ind1=" " ind2=" " tag="010"><subfield code="a">sn 88074258 </subfield><subfield code="z">ca 10005657 </subfield></datafield><datafield ind1=" " ind2=" " tag="040"><subfield code="a">DLC</subfield><subfield code="b">eng</subfield><subfield code="c">MUL</subfield><subfield code="d">IXA</subfield><subfield code="d">NYG</subfield><subfield code="d">MUL</subfield><subfield code="d">NYG</subfield><subfield code="d">NYS</subfield><subfield code="d">MFN</subfield><subfield code="d">NYS</subfield><subfield code="d">NSD</subfield><subfield code="d">MFN</subfield><subfield code="d">NYS</subfield><subfield code="d">CNK</subfield><subfield code="d">NVF</subfield><subfield code="d">NVK</subfield><subfield code="d">DLC</subfield><subfield code="d">CVF</subfield><subfield code="d">DLC</subfield><subfield code="d">OCLCQ</subfield><subfield code="d">GUA</subfield><subfield code="d">KRTAS</subfield><subfield code="d">OCLCQ</subfield><subfield code="d">DLC</subfield><subfield code="d">OCLCF</subfield><subfield code="d">OCLCO</subfield></datafield><datafield ind1="0" ind2=" " tag="022"><subfield code="a">1052-603X</subfield><subfield code="l">1052-603X</subfield><subfield code="2">1</subfield></datafield><datafield ind1="1" ind2=" " tag="029"><subfield code="a">AU@</subfield><subfield code="b">000041161268</subfield></datafield><datafield ind1=" " ind2=" " tag="042"><subfield code="a">pcc</subfield><subfield code="a">nsdp</subfield></datafield><datafield ind1=" " ind2=" " tag="043"><subfield code="a">n-us-ny</subfield></datafield><datafield ind1="0" ind2="0" tag="050"><subfield code="a">AP2</subfield><subfield code="b">.A306</subfield></datafield><datafield ind1="1" ind2="0" tag="082"><subfield code="a">071</subfield><subfield code="2">11</subfield></datafield><datafield ind1="0" ind2=" " tag="130"><subfield code="a">Albion (New York, N.Y. : 1857)</subfield></datafield><datafield ind1="0" ind2=" " tag="210"><subfield code="a">Albion</subfield><subfield code="b">(1857)</subfield></datafield><datafield ind1=" " ind2="4" tag="222"><subfield code="a">The albion</subfield><subfield code="b">(1857)</subfield></datafield><datafield ind1="1" ind2="4" tag="245"><subfield code="a">The albion.</subfield></datafield><datafield ind1=" " ind2=" " tag="260"><subfield code="a">New York :</subfield><subfield code="b">W. Young &amp; Co.,</subfield><subfield code="c">1857-1869.</subfield></datafield><datafield ind1=" " ind2=" " tag="300"><subfield code="a">v.</subfield></datafield><datafield ind1=" " ind2=" " tag="310"><subfield code="a">Weekly</subfield></datafield><datafield ind1="0" ind2=" " tag="362"><subfield code="a">Vol. 35, no. 1 (Jan. 3, 1857)-v. 47, no. 30 (July 24, 1869).</subfield></datafield><datafield ind1=" " ind2=" " tag="500"><subfield code="a">"A British, colonial, and foreign weekly gazette."</subfield></datafield><datafield ind1=" " ind2=" " tag="500"><subfield code="a">Previously classed as a periodical in LC.</subfield><subfield code="5">DLC</subfield></datafield><datafield ind1=" " ind2=" " tag="530"><subfield code="a">Available on microfilm from University Microfilms and also online.</subfield></datafield><datafield ind1=" " ind2="0" tag="651"><subfield code="a">New York (N.Y.)</subfield><subfield code="v">Newspapers.</subfield></datafield><datafield ind1=" " ind2="0" tag="651"><subfield code="a">New York County (N.Y.)</subfield><subfield code="v">Newspapers.</subfield></datafield><datafield ind1=" " ind2="7" tag="655"><subfield code="a">Newspapers.</subfield><subfield code="2">fast</subfield><subfield code="0">(OCoLC)fst01423814</subfield></datafield><datafield ind1=" " ind2="7" tag="651"><subfield code="a">New York (State)</subfield><subfield code="z">New York.</subfield><subfield code="2">fast</subfield><subfield code="0">(OCoLC)fst01204333</subfield></datafield><datafield ind1=" " ind2="7" tag="651"><subfield code="a">New York (State)</subfield><subfield code="z">New York County.</subfield><subfield code="2">fast</subfield><subfield code="0">(OCoLC)fst01234953</subfield></datafield><datafield ind1=" " ind2=" " tag="752"><subfield code="a">United States</subfield><subfield code="b">New York</subfield><subfield code="c">New York</subfield><subfield code="d">New York.</subfield></datafield><datafield ind1="1" ind2=" " tag="776"><subfield code="t">Albion (New York, N.Y. : 1857 : Online)</subfield><subfield code="w">(DLC)  2008233060</subfield><subfield code="w">(OCoLC)48650020</subfield></datafield><datafield ind1="0" ind2="0" tag="780"><subfield code="t">Albion, or, British, colonial, and foreign weekly gazette</subfield><subfield code="x">2155-0034</subfield><subfield code="w">(DLC)sn 86038019</subfield><subfield code="w">(OCoLC)11306386</subfield></datafield><datafield ind1="0" ind2="0" tag="785"><subfield code="t">New York albion</subfield><subfield code="x">2155-0069</subfield><subfield code="w">(DLC)sn 88074259</subfield><subfield code="w">(OCoLC)8326500</subfield></datafield><datafield ind1="4" ind2="1" tag="856"><subfield code="u">http://gateway.proquest.com/openurl?url_ver=Z39.88-2004&amp;res_dat=xri:pqd::hnp&amp;rft_val_fmt=info:ofi/fmt:kev:mtx:journal&amp;rft_dat=xri:pqd:PMID=40890</subfield></datafield><datafield ind1=" " ind2=" " tag="938"><subfield code="a">Kirtas Technologies, Inc.</subfield><subfield code="b">KRTS</subfield><subfield code="n">733233</subfield></datafield></record>